<?xml version="1.0" encoding="UTF-8"?><record xmlns="http://www.loc.gov/MARC21/slim" xmlns:cinclude="http://apache.org/cocoon/include/1.0" xmlns:zs="http://www.loc.gov/zing/srw/">
  <leader>00359nz  a2200133n  4500</leader>
  <controlfield tag="001">no2011104131</controlfield>
  <controlfield tag="003">DLC</controlfield>
  <controlfield tag="005">20110709075314.0</controlfield>
  <controlfield tag="008">110707n| acannaabn          |n aaa     c</controlfield>
  <datafield tag="010" ind1=" " ind2=" ">
    <subfield code="a">no2011104131</subfield>
  </datafield>
  <datafield tag="035" ind1=" " ind2=" ">
    <subfield code="a">(OCoLC)oca08907472</subfield>
  </datafield>
  <datafield tag="040" ind1=" " ind2=" ">
    <subfield code="a">CaSfGGLL</subfield>
    <subfield code="b">eng</subfield>
    <subfield code="c">CaSfGGLL</subfield>
  </datafield>
  <datafield tag="100" ind1="1" ind2=" ">
    <subfield code="a">Kuo, Li-Pai-Chia</subfield>
  </datafield>
  <datafield tag="670" ind1=" " ind2=" ">
    <subfield code="a">Challenges and responses, c2003:</subfield>
    <subfield code="b">t.p. (Li-Pai-Chia Kuo)</subfield>
  </datafield>
</record>